<record><leader>00000cas a22000007a 4500</leader><controlfield tag="001">18515492</controlfield><controlfield tag="008">880922d19231932nyuwr ne      0    0eng d</controlfield><controlfield tag="009">148</controlfield><datafield ind1=" " ind2=" " tag="010"><subfield code="a">sn 88075761 </subfield></datafield><datafield ind1=" " ind2=" " tag="040"><subfield code="a">NYG</subfield><subfield code="b">eng</subfield><subfield code="c">NYG</subfield><subfield code="d">NYS</subfield><subfield code="d">OCLCQ</subfield></datafield><datafield ind1="1" ind2=" " tag="029"><subfield code="a">AU@</subfield><subfield code="b">000020517915</subfield></datafield><datafield ind1=" " ind2=" " tag="042"><subfield code="a">msc</subfield></datafield><datafield ind1="0" ind2="4" tag="245"><subfield code="a">The Rhinebeck gazette and Red Hook times.</subfield></datafield><datafield ind1=" " ind2=" " tag="260"><subfield code="a">Rhinebeck, N.Y. :</subfield><subfield code="b">Jacob H. Strong,</subfield><subfield code="c">1923-1932.</subfield></datafield><datafield ind1=" " ind2=" " tag="300"><subfield code="a">10 v.</subfield></datafield><datafield ind1=" " ind2=" " tag="310"><subfield code="a">Weekly</subfield></datafield><datafield ind1="0" ind2=" " tag="362"><subfield code="a">Vol. 78, no. 6 (May 5, 1923)-v. 87, no. 8 (May 20, 1932).</subfield></datafield><datafield ind1=" " ind2=" " tag="500"><subfield code="a">Also continues the numbering of the Red Hook times, as a separate section, beginning with Vol. 5, no. 11.</subfield></datafield><datafield ind1=" " ind2="4" tag="651"><subfield code="a">Rhinebeck (N.Y.)</subfield><subfield code="v">Newspapers.</subfield></datafield><datafield ind1=" " ind2=" " tag="752"><subfield code="a">United States</subfield><subfield code="b">New York</subfield><subfield code="c">Dutchess</subfield><subfield code="d">Rhinebeck.</subfield></datafield><datafield ind1="0" ind2="4" tag="780"><subfield code="t">Rhinebeck gazette (Rhinebeck, N.Y. : 1863)</subfield><subfield code="w">(DLC)sn 83031744</subfield></datafield><datafield ind1="0" ind2="4" tag="780"><subfield code="t">Red Hook times</subfield><subfield code="w">(DLC)sn 91066530</subfield><subfield code="w">(OCoLC)23739950</subfield></datafield><datafield ind1="0" ind2="0" tag="785"><subfield code="t">Rhinebeck gazette (Rhinebeck, N.Y. : 1932)</subfield><subfield code="w">(DLC)sn 88075762</subfield></datafield></record>